<record><leader>00000cas a22000007a 4500</leader><controlfield tag="001">10688540</controlfield><controlfield tag="008">840503d1846186uctuir ne      0    0eng d</controlfield><datafield ind1=" " ind2=" " tag="010"><subfield code="a">sn 84022862 </subfield></datafield><datafield ind1=" " ind2=" " tag="040"><subfield code="a">NPX</subfield><subfield code="b">eng</subfield><subfield code="c">NPX</subfield><subfield code="d">NPY</subfield><subfield code="d">CNW</subfield><subfield code="d">OCL</subfield><subfield code="d">OCLCQ</subfield><subfield code="d">OCLCF</subfield><subfield code="d">OCLCO</subfield></datafield><datafield ind1=" " ind2=" " tag="042"><subfield code="a">msc</subfield></datafield><datafield ind1=" " ind2=" " tag="043"><subfield code="a">n-us-ct</subfield></datafield><datafield ind1="0" ind2=" " tag="130"><subfield code="a">Daily register (New Haven, Conn.)</subfield></datafield><datafield ind1="1" ind2="4" tag="245"><subfield code="a">The daily register.</subfield></datafield><datafield ind1=" " ind2=" " tag="250"><subfield code="a">[Triweekly ed.].</subfield></datafield><datafield ind1=" " ind2=" " tag="260"><subfield code="a">New Haven [Conn.] :</subfield><subfield code="b">Osborn &amp; Baldwin</subfield></datafield><datafield ind1=" " ind2=" " tag="300"><subfield code="a">v.</subfield></datafield><datafield ind1=" " ind2=" " tag="310"><subfield code="a">Triweekly</subfield></datafield><datafield ind1="1" ind2=" " tag="362"><subfield code="a">Began in May 1846.</subfield></datafield><datafield ind1=" " ind2=" " tag="500"><subfield code="a">Published without masthead; title from publisher's statement. Issues seem to be reprint of text from page 2-3 of last two issues of daily ed.</subfield></datafield><datafield ind1=" " ind2=" " tag="580"><subfield code="a">Weekly eds.: Columbian register (New Haven, Conn. : 1812), 185 -1855, and: Columbian weekly register, 1856-186.</subfield></datafield><datafield ind1=" " ind2=" " tag="580"><subfield code="a">Daily ed.: New-Haven daily register, 1846-1864, and: New Haven morning register, 1864, and: New Haven evening register (New Haven, Conn. : 1864), 1864-186.</subfield></datafield><datafield ind1=" " ind2=" " tag="588"><subfield code="a">Description based on: May 27, 1854.</subfield></datafield><datafield ind1=" " ind2="0" tag="651"><subfield code="a">New Haven (Conn.)</subfield><subfield code="v">Newspapers.</subfield></datafield><datafield ind1=" " ind2="7" tag="655"><subfield code="a">Newspapers.</subfield><subfield code="2">fast</subfield><subfield code="0">(OCoLC)fst01423814</subfield></datafield><datafield ind1=" " ind2="7" tag="651"><subfield code="a">Connecticut</subfield><subfield code="z">New Haven.</subfield><subfield code="2">fast</subfield><subfield code="0">(OCoLC)fst01206280</subfield></datafield><datafield ind1=" " ind2=" " tag="752"><subfield code="a">United States</subfield><subfield code="b">Connecticut</subfield><subfield code="c">New Haven</subfield><subfield code="d">New Haven.</subfield></datafield><datafield ind1="1" ind2=" " tag="775"><subfield code="t">Columbian register (New Haven, Conn. : 1812)</subfield><subfield code="w">(DLC)sn 82015538</subfield><subfield code="w">(OCoLC)8807798</subfield></datafield><datafield ind1="1" ind2=" " tag="775"><subfield code="t">Columbian weekly register</subfield><subfield code="w">(DLC)sn 82014604</subfield><subfield code="w">(OCoLC)8787140</subfield></datafield><datafield ind1="1" ind2=" " tag="775"><subfield code="t">New-Haven daily register</subfield><subfield code="w">(DLC)sn 84023005</subfield><subfield code="w">(OCoLC)10690121</subfield></datafield><datafield ind1="1" ind2=" " tag="775"><subfield code="t">New Haven morning register</subfield><subfield code="w">(DLC)sn 94053245</subfield><subfield code="w">(OCoLC)31071004</subfield></datafield><datafield ind1="1" ind2=" " tag="775"><subfield code="t">New Haven evening register (New Haven, Conn. : 1864)</subfield><subfield code="w">(DLC)sn 84023006</subfield><subfield code="w">(OCoLC)10698545</subfield></datafield><datafield ind1="0" ind2="0" tag="780"><subfield code="t">New Haven register (New Haven, Conn. : 1846)</subfield><subfield code="w">(DLC)sn 94053263</subfield><subfield code="w">(OCoLC)31158371</subfield></datafield></record>